<?xml version="1.0" encoding="UTF-8"?><record xmlns="http://www.loc.gov/MARC21/slim" xmlns:cinclude="http://apache.org/cocoon/include/1.0" xmlns:zs="http://www.loc.gov/zing/srw/">
  <leader>01266cz  a2200229n  4500</leader>
  <controlfield tag="001">n  94078454 </controlfield>
  <controlfield tag="003">DLC</controlfield>
  <controlfield tag="005">20130909121550.0</controlfield>
  <controlfield tag="008">940816n| azannaab           |n aaa     c</controlfield>
  <datafield tag="010" ind1=" " ind2=" ">
    <subfield code="a">n  94078454 </subfield>
  </datafield>
  <datafield tag="040" ind1=" " ind2=" ">
    <subfield code="a">Uk</subfield>
    <subfield code="b">eng</subfield>
    <subfield code="e">rda</subfield>
    <subfield code="c">DLC</subfield>
    <subfield code="d">DLC</subfield>
  </datafield>
  <datafield tag="046" ind1=" " ind2=" ">
    <subfield code="f">19680405</subfield>
  </datafield>
  <datafield tag="100" ind1="1" ind2=" ">
    <subfield code="a">Parker, Michael,</subfield>
    <subfield code="d">1968-</subfield>
  </datafield>
  <datafield tag="370" ind1=" " ind2=" ">
    <subfield code="a">Sydney, N.S.W.</subfield>
  </datafield>
  <datafield tag="373" ind1=" " ind2=" ">
    <subfield code="a">Cranbrook School</subfield>
  </datafield>
  <datafield tag="378" ind1=" " ind2=" ">
    <subfield code="q">Michael Stephen</subfield>
  </datafield>
  <datafield tag="667" ind1=" " ind2=" ">
    <subfield code="a">Data prepared by the British Library</subfield>
  </datafield>
  <datafield tag="670" ind1=" " ind2=" ">
    <subfield code="a">Justice, law &amp; society, 1991- :</subfield>
    <subfield code="b">v. 1, t.p. (Michael Parker)</subfield>
  </datafield>
  <datafield tag="670" ind1=" " ind2=" ">
    <subfield code="a">NLA Web OPAC, May 26, 2004</subfield>
    <subfield code="b">(Justice, law &amp; society: Parker, Michael, 1968 (Apr. 5)- )</subfield>
  </datafield>
  <datafield tag="670" ind1=" " ind2=" ">
    <subfield code="a">AL</subfield>
    <subfield code="b">(Apr. 5, Michael Stephen)</subfield>
  </datafield>
  <datafield tag="670" ind1=" " ind2=" ">
    <subfield code="a">Parker, Michael. You are a star!, 2012:</subfield>
    <subfield code="b">(Michael Parker) data view (b. April 5, 1968)</subfield>
  </datafield>
  <datafield tag="670" ind1=" " ind2=" ">
    <subfield code="a">Jane Curry Publishing (Sydney, N.S.W.) website, Aug. 30, 2013</subfield>
    <subfield code="b">(Michael Parker studied law and worked in corporate litigation before retraining to teach English. He co-ordinates English at Cranbrook School in Sydney, where he is Deputy Headmaster/Head of Senior School; born and grew up in Sydney; his Young Adult Novell Doppelganger was shortlisted for the NSW Premier's Award in 2007; his children's picture book You Are A Star was published with Bloomsbury in the USA in September 2012)</subfield>
  </datafield>
</record>